@misc{DiffPure,
  doi = {10.48550/ARXIV.2205.07460},
  url = {https://arxiv.org/abs/2205.07460},
  author = {Nie, Weili and Guo, Brandon and Huang, Yujia and Xiao, Chaowei and Vahdat, Arash and Anandkumar, Anima},
  keywords = {Machine Learning (cs.LG), Cryptography and Security (cs.CR), Computer Vision and Pattern Recognition (cs.CV), FOS: Computer and information sciences, FOS: Computer and information sciences},
  title = {Diffusion Models for Adversarial Purification},
  publisher = {arXiv},
  year = {2022},
  copyright = {arXiv.org perpetual, non-exclusive license}
}


@article{
    Pocock2022,
    author = {Pocock, Johnathan and Graham, Simon and Vu, Quoc Dang and Jahanifar, Mostafa and Deshpande, Srijay and Hadjigeorghiou, Giorgos and Shephard, Adam and Bashir, Raja Muhammad Saad and Bilal, Mohsin and Lu, Wenqi and Epstein, David and Minhas, Fayyaz and Rajpoot, Nasir M and Raza, Shan E Ahmed},
    doi = {10.1038/s43856-022-00186-5},
    issn = {2730-664X},
    journal = {Communications Medicine},
    month = {sep},
    number = {1},
    pages = {120},
    publisher = {Springer US},
    title = {{TIAToolbox as an end-to-end library for advanced tissue image analytics}},
    url = {https://www.nature.com/articles/s43856-022-00186-5},
    volume = {2},
    year = {2022}
}

@misc{von-platen-etal-2022-diffusers,
  author = {Patrick von Platen and Suraj Patil and Anton Lozhkov and Pedro Cuenca and Nathan Lambert and Kashif Rasul and Mishig Davaadorj and Thomas Wolf},
  title = {Diffusers: State-of-the-art diffusion models},
  year = {2022},
  publisher = {GitHub},
  journal = {GitHub repository},
  howpublished = {\url{https://github.com/huggingface/diffusers}}
}

@misc{GowalAdverserial,
  doi = {10.48550/ARXIV.2110.09468},
  url = {https://arxiv.org/abs/2110.09468},
  author = {Gowal, Sven and Rebuffi, Sylvestre-Alvise and Wiles, Olivia and Stimberg, Florian and Calian, Dan Andrei and Mann, Timothy},
  keywords = {Machine Learning (cs.LG), Computer Vision and Pattern Recognition (cs.CV), Machine Learning (stat.ML), FOS: Computer and information sciences, FOS: Computer and information sciences},
  title = {Improving Robustness using Generated Data},
  publisher = {arXiv},
  year = {2021},
  copyright = {arXiv.org perpetual, non-exclusive license}
}

@misc{ResNet,
  doi = {10.48550/ARXIV.1512.03385},
  url = {https://arxiv.org/abs/1512.03385},
  author = {He, Kaiming and Zhang, Xiangyu and Ren, Shaoqing and Sun, Jian},
  keywords = {Computer Vision and Pattern Recognition (cs.CV), FOS: Computer and information sciences, FOS: Computer and information sciences},
  title = {Deep Residual Learning for Image Recognition},
  publisher = {arXiv},
  year = {2015},
  copyright = {arXiv.org perpetual, non-exclusive license}
}

@misc{DiffusionPaper,
  doi = {10.48550/ARXIV.2006.11239},
  url = {https://arxiv.org/abs/2006.11239},
  author = {Ho, Jonathan and Jain, Ajay and Abbeel, Pieter},
  keywords = {Machine Learning (cs.LG), Machine Learning (stat.ML), FOS: Computer and information sciences, FOS: Computer and information sciences},
  title = {Denoising Diffusion Probabilistic Models},
  publisher = {arXiv},
  year = {2020},
  copyright = {arXiv.org perpetual, non-exclusive license}
}

@article{raghunathan2020understanding,
  title={Understanding and mitigating the tradeoff between robustness and accuracy},
  author={Raghunathan, Aditi and Xie, Sang Michael and Yang, Fanny and Duchi, John and Liang, Percy},
  journal={arXiv preprint arXiv:2002.10716},
  year={2020}
}

@article{schmidt2018adversarially,
  title={Adversarially robust generalization requires more data},
  author={Schmidt, Ludwig and Santurkar, Shibani and Tsipras, Dimitris and Talwar, Kunal and Madry, Aleksander},
  journal={Advances in neural information processing systems},
  volume={31},
  year={2018}
}

@inproceedings{ronneberger2015u,
  title={U-net: Convolutional networks for biomedical image segmentation},
  author={Ronneberger, Olaf and Fischer, Philipp and Brox, Thomas},
  booktitle={International Conference on Medical image computing and computer-assisted intervention},
  pages={234--241},
  year={2015},
  organization={Springer}
}

@article{szegedy2013intriguing,
  title={Intriguing properties of neural networks},
  author={Szegedy, Christian and Zaremba, Wojciech and Sutskever, Ilya and Bruna, Joan and Erhan, Dumitru and Goodfellow, Ian and Fergus, Rob},
  journal={arXiv preprint arXiv:1312.6199},
  year={2013}
}

@inproceedings{szegedy2015going,
  title={Going deeper with convolutions},
  author={Szegedy, Christian and Liu, Wei and Jia, Yangqing and Sermanet, Pierre and Reed, Scott and Anguelov, Dragomir and Erhan, Dumitru and Vanhoucke, Vincent and Rabinovich, Andrew},
  booktitle={Proceedings of the IEEE conference on computer vision and pattern recognition},
  pages={1--9},
  year={2015}
}